1669 2965
428 159 607 231 Onz
675 165 774 221 X1.
839 166 1014 221 [ΑΒ.
1075 160 1174 218 111.

117 253 255 323 Qin
279 249 345 312 ὁ·
371 257 543 316 Ixion,
575 253 812 323 tntyosque
836 251 980 303 vultu

116 326 238 394 Risit
263 328 422 373 invito
443 342 457 372 .·
484 323 627 392 stetit
650 341 772 374 urna
787 322 982 393 paulum

120 400 246 444 Sicca
259 430 277 458 ,
310 395 418 445 dum
436 405 576 457 grato
602 399 768 444 Danai
786 392 968 462 puellas

380 468 595 515 Carmine
622 463 799 516 mulces.

123 558 318 609 Audiat
345 555 476 626 Lyde
489 554 668 623 scelus,
701 567 845 623 atque
874 567 1014 604 notas

123 633 360 690 Virginum
375 640 567 692 peenas,
603 624 668 683 ὠ·
693 629 834 675 inane
862 625 1053 696 lympha
1075 645 1086 653 ·

119 698 310 748 Delium
319 694 476 764 fundo
490 699 732 762 pereuntis
755 700 845 745 imo
858 735 876 762 ‚

379 769 581 834 Seraque
590 766 714 834 fata
725 804 745 834 ‚

118 854 245 926 Qae
266 865 458 905 manent
484 852 638 920 culpas
664 857 810 902 etiam
824 853 916 924 sub
943 856 1079 905 Orco.

119 931 280 992 Impiae
300 944 315 974 .·
349 943 459 975 nam
482 924 599 994 quid
610 935 804 991 potuere
833 924 1016 994 majus?

124 1000 283 1064 Impiae
297 996 485 1066 sponsos
503 1006 696 1063 potuere
721 994 837 1046 duro

381 1064 579 1116 Perdere
614 1066 755 1132 ferro.

123 1159 231 1206 Una
259 1156 313 1206 de
339 1155 530 1222 multis,
549 1157 663 1224 face
685 1154 890 1224 nuptiali

124 1231 317 1290 Digna,
341 1230 581 1295 perjurum
591 1226 703 1297 fuit
721 1233 774 1277 in
789 1236 1036 1295 parentem

122 1296 363 1364 splendide
389 1297 619 1365 mendax,
652 1296 717 1357 ὠν
742 1302 794 1348 in
826 1313 953 1347 omne
982 1299 1119 1359 virgo

384 1367 573 1418 Nobilis
599 1385 774 1420 aevum.

122 1461 296 1522 Surge,
328 1474 431 1526 quae
451 1456 583 1507 dixit
593 1462 773 1524 juveni
796 1459 997 1518 marito,

122 1531 294 1592 Surge,
327 1545 383 1576 ne
409 1527 564 1591 longus
586 1528 678 1577 tibi
686 1530 876 1596 somnus
891 1567 908 1592 ‚
940 1524 1060 1575 unde

125 1600 240 1646 Non
266 1601 428 1659 times,
461 1598 629 1646 detur:
657 1599 864 1665 socerum
889 1594 955 1656 ὦ·
969 1592 1183 1665 scelestas

386 1666 520 1717 Falle
532 1668 730 1736 firores.

127 1755 255 1825 ἔξω
282 1754 420 1806 velut
445 1757 597 1806 naclae
627 1753 806 1806 vitulos
835 1754 993 1805 leaenae
1006 1789 1026 1816 ‚

126 1825 335 1890 Singulos
349 1862 367 1889 ,
401 1825 511 1876 eheu
533 1826 553 1877 Ι
585 1826 797 1876 lacerant
813 1844 828 1874 .·
862 1843 937 1888 ego
962 1823 1057 1874 illis

132 1896 355 1961 Mollior,
387 1914 467 1946 nec
488 1910 537 1946 te
548 1898 760 1967 seriam,
794 1913 875 1945 nec
896 1895 1032 1946 ¹intra

386 1965 602 2037 Claustra
628 1967 806 2018 tenebo.

130 2065 218 2113 Me
234 2072 376 2129 pater
384 2060 538 2130 saevis
564 2069 724 2109 oneret
749 2063 956 2126 catenis,‘

127 2132 278 2202 Qod
294 2136 401 2181 viro
427 2129 617 2180 clemens
644 2130 801 2199 mtfi’ro
818 2130 1026 2197 peperci:

127 2209 215 2254 Me
244 2201 327 2253 vel
346 2213 577 2251 extremos
599 2200 918 2252 Numidarum
948 2204 1002 2251 in
1022 2213 1156 2264 agros

393 2270 538 2341 Claffe
563 2270 746 2335 releget.

130 2367 162 2413 1
170 2397 188 2425 ,
212 2361 349 2428 pedes
375 2377 461 2429 quo
485 2370 534 2408 te
559 2364 753 2426 rapiunt
777 2358 842 2419 (θ’
866 2375 997 2410 aurae
1013 2375 1029 2407 .·

131 2437 261 2483 Dum
272 2431 426 2501 favet
447 2447 571 2494 nox,
606 2430 671 2489 ῤ’
701 2434 876 2481 Venus:
911 2435 929 2480 i
939 2427 1137 2499 secundo

131 2507 321 2555 Omine.-
361 2499 425 2560 &⁶
450 2500 591 2570 nostri
611 2519 846 2551 memorem
856 2498 1063 2573 sepulcro

389 2570 545 2639 Sculpe
566 2571 813 2642 querelam.

196 2710 244 2752 39
270 2713 327 2740 ae.
384 2712 431 2752 51
452 2701 613 2756 sepulcra
632 2702 829 2752 {iv-§culpe-

677 2845 680 2849 -
739 2805 792 2861 O
824 2811 858 2865 6

1354 176 1453 237 323

1397 935 1465 991 30

1399 1309 1462 1365 35

1395 1678 1466 1734 40

1396 2070 1463 2128 45

1286 2753 1474 2874 '01³ss
