1669 2965
328 106 379 158 Ο
409 120 445 157 D
475 119 506 158 Ε
573 100 783 155 XXIII.
853 100 898 153 L
929 116 951 154 1
978 104 1031 154 ΒΣ
1093 98 1192 153 ῙΙῙ.“
1325 116 1430 173 433

289 422 371 500 O
481 421 561 501 D
672 421 736 501 E
924 418 1236 502 XXIII.

214 589 390 658 AD
496 586 1327 657 P-HIDYLEN.

247 741 296 791 O
314 758 344 792 h,
367 755 402 790 L
424 756 456 789 o
481 740 677 808 fiipinas
698 741 747 811 fi
767 739 932 788 tuleris
959 757 1124 788 manus

247 810 479 878 Nafiente
506 814 683 872 Luna,
718 810 884 878 rustica
910 808 1131 878 Phidyle:

180 887 229 932 Si
257 880 394 929 thure
410 879 617 946 placaris
643 879 706 938 (θ’
729 880 878 929 horna

252 957 400 1012 Fruge
428 955 611 1013 Lares,
647 951 885 1019 avidaque
912 966 1053 1018 porca
1068 966 1088 1015 :-

107 1081 214 1130 ,Nec
233 1075 520 1145 pestilentem
533 1077 711 1145 sentiet
737 1076 962 1145 Africum
1417 1090 1450 1145 ς

117 1147 345 1199 Foecunda
373 1152 523 1209 vitis,
557 1164 635 1195 nec
647 1146 849 1213 sterilem
867 1147 995 1214 seges

182 1217 452 1279 Rubiginem
465 1257 481 1283 ,
515 1229 601 1264 aut
623 1216 769 1264 dulces
791 1214 967 1264 alumni

257 1288 486 1356 Pomzfero
510 1303 662 1349 grave
687 1297 860 1352 tempus
887 1302 1026 1336 anno.

117 1417 250 1465 Nam
274 1429 375 1481 quae
401 1409 557 1460 nivali
573 1411 784 1480 pastitur
806 1409 982 1473 Algido

120 1488 348 1547 Devota‚
383 1499 568 1550 quercus
596 1487 721 1529 inter
747 1480 810 1537 ὠ
838 1480 989 1530 ilices:
1396 1495 1459 1532 κθ

187 1547 304 1602 'Aut
329 1552 486 1619 crescit
509 1550 716 1599 Albanis
743 1556 793 1598 in
815 1550 970 1598 herbis

268 1623 463 1671 Vicftima
477 1657 495 1683 ,
526 1620 788 1689 pontificum
799 1621 980 1688 secures

125 1751 316 1799 Cer-vice
343 1753 524 1810 tinget:
561 1759 608 1796 te
634 1744 759 1794 nihil
783 1750 963 1794 attinet

125 1824 325 1869 Tentare
351 1818 501 1867 multa
530 1818 646 1866 caea'e
670 1816 952 1883 bidentium,

193 1892 380 1937 Parvos
407 1900 696 1936 coronantem
722 1890 900 1934 marino
1401 1898 1461 1953 15

268 1963 388 2007 Rore
413 1963 536 2007 Deos
546 1956 807 2028 fragilique
835 1968 999 2026 myrto,

126 2088 350 2135 Immanis
376 2101 510 2131 aram
525 2083 573 2154 fi
595 2086 755 2144 tetigit
788 2098 982 2130 manus:

129 2157 243 2203 Non
256 2154 521 2221 ficmptuosa
549 2152 759 2201 blandior
790 2151 966 2219 hostia,

202 2222 415 2272 Mollibit
441 2224 626 2291 aversos
652 2226 850 2270 Penates

275 2297 423 2340 Farre
437 2297 544 2358 pio,
560 2294 562 2297 ’
581 2290 645 2351 &
661 2291 863 2361 saliente
887 2295 1017 2340 mica.
1132 2320 1137 2323 «
1395 2306 1464 2342 20

194 2431 242 2470 19
272 2421 415 2458 hsolz'irt'
416 2429 445 2460 t.

206 2712 339 2763 Tome
371 2719 472 2772 ΠΙ.
881 2711 935 2765 Τ
1302 2709 1351 2763 O
1367 2708 1419 2762 D
1434 2707 1484 2779 Eg
